% Referencias Bibliográficas

% referenciando um livro
	% label é um identificador usado para referenciar o livro no trabalho. Funciona como os labels de figuras e tabelas.
@book{labelLivro,
title="Titulo do livro",
author="Autor do livro",
publisher="Editora do Livro",
address="Cidade/Estado",
year="ano"
}

% referenciando um artigo
@article{labelArtigo,
title="Titulo do artigo",
author="Autor do artigo",
journal="Nome da revista",
year="ano"
}